<record><leader>00000cas a22000007a 4500</leader><controlfield tag="001">21218875</controlfield><controlfield tag="008">900315d19051905mnuwr ne      0    0eng d</controlfield><datafield ind1=" " ind2=" " tag="010"><subfield code="a">sn 90060879 </subfield></datafield><datafield ind1=" " ind2=" " tag="040"><subfield code="a">MN#</subfield><subfield code="b">eng</subfield><subfield code="c">MN#</subfield><subfield code="d">OCLCQ</subfield><subfield code="d">OCLCF</subfield><subfield code="d">OCLCO</subfield></datafield><datafield ind1=" " ind2=" " tag="042"><subfield code="a">msc</subfield></datafield><datafield ind1=" " ind2=" " tag="043"><subfield code="a">n-us-mn</subfield></datafield><datafield ind1=" " ind2=" " tag="052"><subfield code="a">4144</subfield><subfield code="b">K25</subfield></datafield><datafield ind1=" " ind2=" " tag="052"><subfield code="a">4143</subfield><subfield code="b">K5</subfield></datafield><datafield ind1="0" ind2="0" tag="245"><subfield code="a">Karlstad news.</subfield></datafield><datafield ind1=" " ind2=" " tag="260"><subfield code="a">Karlstad, Kittson County, Minn. :</subfield><subfield code="b">R.J. McMahan,</subfield><subfield code="c">1905.</subfield></datafield><datafield ind1=" " ind2=" " tag="300"><subfield code="a">1 v.</subfield></datafield><datafield ind1=" " ind2=" " tag="310"><subfield code="a">Weekly</subfield></datafield><datafield ind1="0" ind2=" " tag="362"><subfield code="a">Vol. 1, no. 3 (Apr. 21, 1905)-v. 1, no. 15 (July 15, 1905).</subfield></datafield><datafield ind1=" " ind2=" " tag="530"><subfield code="a">Available on microfilm from the Minnesota Historical Society.</subfield></datafield><datafield ind1=" " ind2="0" tag="651"><subfield code="a">Karlstad (Minn.)</subfield><subfield code="v">Newspapers.</subfield></datafield><datafield ind1=" " ind2="7" tag="655"><subfield code="a">Newspapers.</subfield><subfield code="2">fast</subfield><subfield code="0">(OCoLC)fst01423814</subfield></datafield><datafield ind1=" " ind2="7" tag="651"><subfield code="a">Minnesota</subfield><subfield code="z">Karlstad.</subfield><subfield code="2">fast</subfield><subfield code="0">(OCoLC)fst01247245</subfield></datafield><datafield ind1=" " ind2=" " tag="752"><subfield code="a">United States</subfield><subfield code="b">Minnesota</subfield><subfield code="c">Kittson</subfield><subfield code="d">Karlstad.</subfield></datafield><datafield ind1="0" ind2="0" tag="780"><subfield code="t">Klingsville news</subfield><subfield code="w">(DLC)sn 90060880</subfield></datafield><datafield ind1="0" ind2="4" tag="785"><subfield code="t">Karstad advocate</subfield><subfield code="w">(DLC)sn 90060881</subfield></datafield></record>